@article{turing-machines,
  author  = {Alan Mathison Turing}, 
  title   = {On computable numbers, with an application to the Entscheidungsproblem},
  journal = {Proceedings of the London Mathematical Society},
  year    = 1937,
  series  = 2,
  volume  = 42
}

@book{janlert2000,
  title     = {Datatyper och algoritmer},
  author    = {Janlert, L.E. and Wiberg, T.},
  isbn      = 9789144303017,
  year      = 2000,
  publisher = {Studentlitteratur}
}

@book{sipser2012,
  title     = {Introduction to the Theory of Computation},
  author    = {Michael Sipser},
  isbn      = 9781133187790,
  year      = 2012,
  publisher = {Cengage Learning},
  address   = {Boston, USA}
}



@Manual{rlanguage,
    title        = {R: A Language and Environment for Statistical Computing},
    author       = {{R Core Team}},
    organization = {R Foundation for Statistical Computing},
    address      = {Vienna, Austria},
    year         = {2015},
    url          = {https://www.R-project.org/},
}

@Booklet{complex,
    title    = {Komplexitetsanalys - Exempel},
    author   = {Lockner, N.},
    address  = {Ume√• University, Institute for Computer Science},
    month    = 2,
    year     = 2012
}


@misc{datatypes,
  key          = {datatypes},
  title        = {{DV169VT16}, Cambro Course Homepage, `Datatypes'},
  year         = 2016,
  howpublished = {\url{https://www8.cs.umu.se/kurser/5DV169/datatypes/index.html}},
  note         = {accessed: 2016-02-28}
}

@misc{lookup,
  key          = {lookup},
  title        = {{Stack Overflow}, convert character into arithmetic operator without using switch case}, 
  year         = 2014,
  howpublished = {\url{http://stackoverflow.com/a/22114821}},
  note         = {accessed: 2016-03-27}
}

@misc{rpn,
  key          = {rpn},
  title        = {{Reverse Polish Notation}, Wikipedia}, 
  year         = 2016,
  howpublished = {\url{https://en.wikipedia.org/wiki/Reverse_Polish_notation}},
  note         = {accessed: 2016-03-28}
}

